@article{L2021ALR,
  title={A Literature Research Review on Animal Intrusion Detection and Repellent Systems},
  author={Ashok Kumar L and Neelaveni R and Sweety Jose P and Archana N and Saravanakumar S},
  journal={Proceedings of the First International Conference on Combinatorial and Optimization, ICCAP 2021, December 7-8 2021, Chennai, India},
  year={2021}
}