@Online{stack_rust,
  institution = {Stack Overflow},
  title       = {2022 Developer Survey},
  year        = {2022},
  url = {https://survey.stackoverflow.co/2022/}
}

@Online{rust_overflow_blog,
author = {Jake Gouldinga},
institution = {Stack Overflow},
title = {What is Rust and why is it so popular?},
year = {2020},
url={https://stackoverflow.blog/2020/01/20/what-is-rust-and-why-is-it-so-popular/}
}

@online{marderschreck,
author = {bussgeldkatalog.org},
institution = {bussgeldkatalog},
title = {Marderschreck Vergleich 2022: Aktuelle Empfehlungen im Überblick},
year = {2022},
url = {https://testsieger.bussgeldkatalog.org/marderschreck/}
}

@Online{anti_wasch,
author = {Christine Riel},
institution = {Gartenkournal},
title = {So können Sie Waschbären vertreiben},
url = {https://www.gartenjournal.net/waschbaer-vertreiben}
}

@online{wasser_verbot,
author = {Raja Kraus},
institution = {MDR},
title = {Mitteldeutsche Landkreise reagieren auf Wasserknappheit},
year = {2022},
url = {https://www.mdr.de/nachrichten/deutschland/panorama/trockenheit-wasserentnahmeverbot-100.html},}

@Online{am_licht,
author = {amazon},
institution = {NAIZY},
title = {NAIZY 2 x 18 W LED Work Light Square Offroad Floodlight Work Light 12 V/24 V Additional Headlight 1600 LM Headlight IP67 for SUV UTV ATV (Pack of 2)},
url = {https://www.amazon.de/gp/product/B09MQG1W7Q/ref=ppx_yo_dt_b_asin_title_o08_s04?ie=UTF8&psc=1},
date = {06.09.2022},
}